@article{Volpi2017DenseSL,
  title={Dense semantic labeling of sub-decimeter resolution images with convolutional neural networks},
  author={Michele Volpi and Devis Tuia},
  journal={IEEE Trans. Geoscience and Remote Sensing},
  year={2017},
  volume={55},
  pages={881-893}
}

@Inbook{Simonovsky2016,
    author="Simonovsky, Martin
    and Guti{\'e}rrez-Becker, Benjam{\'i}n
    and Mateus, Diana
    and Navab, Nassir
    and Komodakis, Nikos",
    editor="Ourselin, Sebastien
    and Joskowicz, Leo
    and Sabuncu, Mert R.
    and Unal, Gozde
    and Wells, William",
    title="A Deep Metric for Multimodal Registration",
    bookTitle="Medical Image Computing and Computer-Assisted Intervention -- MICCAI 2016: 19th International Conference, Athens, Greece, October 17-21, 2016, Proceedings, Part III",
    year="2016",
    publisher="Springer International Publishing",
    address="Cham",
    pages="10--18"
}

@inproceedings{kampffmeyer, 
    author={M. Kampffmeyer and A. B. Salberg and R. Jenssen}, 
    booktitle={2016 IEEE Conference on Computer Vision and Pattern Recognition Workshops (CVPRW)}, 
    title={Semantic Segmentation of Small Objects and Modeling of Uncertainty in Urban Remote Sensing Images Using Deep Convolutional Neural Networks}, 
    year={2016}, 
    pages={680-688}
}

@inproceedings{ghahramani,
 author = {Gal, Yarin and Ghahramani, Zoubin},
 title = {Dropout As a Bayesian Approximation: Representing Model Uncertainty in Deep Learning},
 booktitle = {Proceedings of the 33rd International Conference on International Conference on Machine Learning - Volume 48},
 series = {ICML'16},
 year = {2016},
 location = {New York, NY, USA},
 pages = {1050--1059},
 publisher = {JMLR.org},
} 

@article{subramanya,
  author = {Akshayvarun Subramanya and Suraj Srinivas and R. Venkatesh Babu},
  title = {Confidence estimation in Deep Neural networks via density modelling},
  journal = {CoRR},
  volume = {abs/1707.07013},
  year = {2017}
}

@techreport{decisionForests-MSR,
    author = {Criminisi, Antonio and Konukoglu, Ender and Shotton, Jamie},
    title = {Decision Forests for Classification, Regression, Density Estimation, Manifold Learning and Semi-Supervised Learning},
    year = {2011},
    publisher = {Microsoft Technical Report},
    url = {https://www.microsoft.com/en-us/research/publication/decision-forests-for-classification-regression-density-estimation-manifold-learning-and-semi-supervised-learning/}
}

@Article{Breiman2001,
    author="Breiman, Leo",
    title="Random Forests",
    journal="Machine Learning",
    year="2001",
    volume="45",
    number="1",
    pages="5--32"
}

@online{ucf,
    author = {Ulas Bagci},
    title = {Medical Image Computing (CAP 5937)- Spring 2016},
    subtitle = {Lecture 1: Introduction},
    publisher = {Center For Research In Computer Vision},
    url = {http://www.cs.ucf.edu/~bagci/teaching/mic16/lec1.pdf},
    urldate = {2018-01-04}
}

@online{mnist,
    author={Yann LeCun and Corinna Cortes and Christopher Burge},
    title={The MNIST Database of Handwritten Digits},
    url={http://yann.lecun.com/exdb/mnist/},
   
}

@online{scipy,
    author={{SciPy.org Documentation}},
    title={Scipy.org Reference Guide, Statistical functions (scipy.stats)},
    year={2014},
    url={https://docs.scipy.org/doc/scipy-0.14.0/reference/generated/scipy.stats.multivariate_normal.html},
    urldate={2018-01-05}
}

@inproceedings{ouerghemmi_two-step_2017,
	title = {A Two-Step Decision Fusion Strategy: Application to Hyperspectral and Multispectral Images for Urban Classification},
	volume = {XLII-1-W1},
	booktitle = {{ISPRS} - {International} {Archives} of the {Photogrammetry}, {Remote} {Sensing} and {Spatial} {Information} {Sciences}},
	publisher = {Copernicus GmbH},
	author = {Ouerghemmi, Walid and Le-Bris, Arnaud and Chehata,  Nesrine and Mallet,  Clément},
	year = {2017},
	pages = {167--174}
}


@inproceedings{womble_automated_2007,
	Author = {Womble, J. Arn and Adams, B. J. and Mehta, K. C.},
	Booktitle = {Proceedings of the {ASCE}/{SEI} {Structures} {Congress}},
	File = {automated_building_change_detection.pdf:/Users/trish/Library/Application Support/Zotero/Profiles/rhpw6so2.default/zotero/storage/36V4ZZFW/automated_building_change_detection.pdf:application/pdf},
	Title = {Automated {Building} {Damage} {Assessment} {Using} {Remote}-{Sensing} {Imagery}},
	Url = {http://ascelibrary.org/doi/abs/10.1061/40943(250)8},
	Urldate = {2017-01-01},
	Year = {2007},
	Bdsk-Url-1 = {http://ascelibrary.org/doi/abs/10.1061/40943(250)8}}
	
@article{menderes_automatic_2015,
	series = {World {Multidisciplinary} {Earth} {Sciences} {Symposium}, {WMESS} 2015},
	title = {Automatic {Detection} of {Damaged} {Buildings} after {Earthquake} {Hazard} by {Using} {Remote} {Sensing} and {Information} {Technologies}},
	volume = {15},
	issn = {1878-5220},
	url = {http://www.sciencedirect.com/science/article/pii/S1878522015003264},
	doi = {10.1016/j.proeps.2015.08.063},
	urldate = {2016-12-12},
	journal = {Procedia Earth and Planetary Science},
	author = {Menderes, Aydan and Erener, Arzu and Sarp, Gülcan},
	year = {2015},
	keywords = {building extraction., DEM, DSM, nDSM},
	pages = {257--262},
}

@inproceedings{postadjian_investigating_2017,
	title = {Investigating the Potential of Deep Neural Networks for Large-Scale Classification of Very High Resolution Satellite Images},
	volume = {IV-1-W1},
	urldate = {2017-08-17},
	publisher = {Copernicus GmbH},
	author = {Postadjian, T. and Bris, A. Le and Sahbi, H. and Mallet, C.},
	year = {2017},
	pages = {183--190}
}